%% Broekhuizen first attempt at the creation of a bibliography
%% I noticed in MCBook2019.bib that some entries were labeled as @techreport, I'm not quite sure which items are @misc and which are @techreport

%% The Carbon Cycle

@article{Friedlingstein:2020,
        author = {Pierre Friedlingstein, Michael O'Sullivan, Matthew W. Jones, Robbie M. Andrew, Judith Hauck, Are Olsen, Glen P. Peters, Wouter Peters, Julia Pongratz, Stephen                     Sitch, Corinne Le Quéré, Josep G. Canadell, Philippe Ciais, Robert B. Jackson, Simone Alin, Luiz E. O. C. Aragão, Almut Arneth, Vivek Arora, Nicholas R. Bates,                     Meike Becker, Alice Benoit-Cattin, Henry C. Bittig, Laurent Bopp, Selma Bultan, Naveen Chandra, Frédéric Chevallier, Louise P. Chini, Wiley Evans, Liesbeth                         Florentie, Piers M. Forster, Thomas Gasser, Marion Gehlen, Dennis Gilfillan, Thanos Gkritzalis, Luke Gregor, Nicolas Gruber, Ian Harris, Kerstin Hartung, Vanessa                   Haverd, Richard A. Houghton, Tatiana Ilyina, Atul K. Jain, Emilie Joetzjer, Koji Kadono, Etsushi Kato, Vassilis Kitidis, Jan Ivar Korsbakken, Peter Landschützer,                   Nathalie Lefèvre, Andrew Lenton, Sebastian Lienert, Zhu Liu, Danica Lombardozzi, Gregg Marland, Nicolas Metzl, David R. Munro, Julia E. M. S. Nabel, Shin-Ichiro                   Nakaoka, Yosuke Niwa, Kevin O'Brien, Tsuneo Ono, Paul I. Palmer, Denis Pierrot, Benjamin Poulter, Laure Resplandy, Eddy Robertson, Christian Rödenbeck, Jörg                       Schwinger, Roland Séférian, Ingunn Skjelvan, Adam J. P. Smith, Adrienne J. Sutton, Toste Tanhua, Pieter P. Tans, Hanqin Tian, Bronte Tilbrook, Guido van der                       Werf, Nicolas Vuichard, Anthony P. Walker, Rik Wanninkhof, Andrew J. Watson, David Willis, Andrew J. Wiltshire, Wenping Yuan, Xu Yue, and Sönke Zaehle},
        doi = {10.5194/essd-12-3269-2020},
        journal = {Earth System Science Data},
        title = {Global Carbon Budget 2020},
        volume = {12},
        year = {2020},
        Bdsk-Url-1 = {https://doi.org/10.5194/essd-12-3269-2020}}        

%% Atmospheric CO2 Levels

@misc{Bereiter:2015,
        author = {Bernhard Bereiter, Sarah Eggleston, Jochen Schmitt, Christoph Nehrbass-Ahles, Thomas F. Stocker, Hubertus Fischer, Sepp Kipfstuhl and Jerome Chappellaz},
        doi = {10.1002/2014GL061957},
        publisher = {NOAA},
        title = {Antarctic Ice Cores Revised 800KYr CO2 Data},
        year = {2015},
        Bdsk-Url-1 = {https://www.ncdc.noaa.gov/paleo-search/study/17975}}

@misc{Dlugokencky:2021,
        author = {Ed Dlugokencky and Pieter Tans},
        publisher = {NOAA/GML}
        title = {Trends in Atmospheric Carbon Dioxide},
        year = {2021},
        Bdsk-Url-1 = {https://gml.noaa.gov/webdata/ccgg/trends/co2/co2_annmean_gl.txt}}

%% Ecological Footprint and Human Development Index

@misc{UNITED NATIONS DEVELOPMENT PROGRAMME:2017,
        author = {UNITED NATIONS DEVELOPMENT PROGRAMME},
        title = {Human Development Index and its components},
        year = {2017},
        Bdsk-Url-1 = {http://hdr.undp.org/sites/default/files/hdi_table.pdf}}
        
@misc{Global Footprint Network:2017,
        author = {Global Footprint Network}
        title = {Sustainable Development},
        year = {2017},
        Bdsk-Url-1 = {https://data.footprintnetwork.org/#/sustainableDevelopment?cn=all&type=BCpc,EFCpc&yr=2017}}

%% Planetary Boundaries

@article{Rockström:2009,
        author = {Johan Rockström, Will Steffen, Kevin Noone, Åsa Persson, F. Stuart III Chapin, Eric Lambin, Timothy M. Lenton, Marten Scheffer, Carl Folke, Hans Joachim Schellnhuber, Björn Nykvist, Cynthia A. de Wit, Terry Hughes, Sander van der Leeuw, Henning Rodhe, Sverker Sörlin, Peter K. Snyder, Robert Costanza, Uno Svedin, Malin Falkenmark, Louise Karlberg, Robert W. Corell, Victoria J. Fabry, James Hansen, Brian Walker, Diana Liverman, Katherine Richardson, Paul Crutzen and Jonathan Foley},
        journal = {Ecology and Society},
        title = {Planetary Boundaries: Exploring the Safe Operating Space for Humanity},
        volume = {14},
        year = {2009},
        Bdsk-Url-1 = {http://www.ecologyandsociety.org/vol14/iss2/art32/}}

@article{Jiang:2015,
        author = {Li-Qing Jiang, Richard A. Feely, Brendan R. Carter, Dana J. Greeley, Dwight K. Gledhill and Krisa M. Arzayus},
        doi = {10.1002/2015GB005198},
        journal = {Global Biogeochemical Cycles},
        pages = {1656-1673},
        title = {Climatological distribution of aragonite saturation state in the global oceans},
        volume = {29},
        year = {2015},
        Bdsk-Url-1 = {https://agupubs.onlinelibrary.wiley.com/doi/abs/10.1002/2015GB005198}}
        
@inbook{Shiklomanov:2003,
        address = {Cambridge, United Kingdom},
        author = {I.A. Shiklomanov and John C. Rodda},
        chapter = {11 in \emph{World waer use and water availiability}},
        pages = {369-389},
        publisher = {Cambridge University Press},
        title = {World Water Resources at the Beginning of the Twenty-First Century},
        year = {2003}}

@misc{FAO:2020,
	author = {Food and Agriculture Organiaztion of the United Nations},
	howpublished = {\url{http://www.fao.org/sustainability/news/detail/en/c/1274219/}},
	month = {7 May},
	title = {Land use in agriculture by the numbers},
	year = {2020}}
	
@article{Pimm:2014,
	author = {S. L. Pimm, C. N. Jenkins, R. Abell, T. M. Brooks, J. L. Gittleman, L. N. Joppa, P. H. Raven, C. M. Roberts and J. O. Sexton},
	doi = {10.1126/science.1246752},
	journal = {Science},
	pages = {987-999},
	title = {The biodiversity of species and their rates of extinction, distribution, and protection},
	volume = {344},
	year = {2014},
	Bdsk-Url-1 = {https://science.sciencemag.org/content/344/6187/1246752}}
	
@article{Foley:2010,
	author = {Jonathan Foley},
	doi = {10.1038/SCIENTIFICAMERICAN0410-54},
	journal = {Scientific American},
	pages = {54-57},
	title = {Boundaries for a healthy planet},
	volume = {302},
	year = {2010},
	Bdsk-Url-1 = {https://www.scientificamerican.com/article/boundaries-for-a-healthy-planet/}}
