%% This BibTeX bibliography file was created using BibDesk.
%% http://bibdesk.sourceforge.net/

%% Created for Matt at 2019-05-30 16:27:34 -0400 


%% Saved with string encoding Unicode (UTF-8) 



@article{Jacobson:2009wv,
	Author = {M.Z. Jacobson and Mark A. Delucchi},
	Date-Added = {2019-05-30 16:27:16 -0400},
	Date-Modified = {2019-05-30 16:27:16 -0400},
	Journal = {Scientific American},
	Number = {5},
	Pages = {38--45},
	Rating = {0},
	Read = {Yes},
	Title = {{A Path to Sustainable Energy}},
	Volume = {301},
	Year = {2009}}

@article{Jacobson:2011gc,
	Abstract = {Energy Policy, 39 + (2011) 1154-1169. doi:10.1016/j.enpol.2010.11.040},
	Author = {Jacobson, Mark Z and Delucchi, Mark A},
	Date-Added = {2019-05-30 16:07:34 -0400},
	Date-Modified = {2019-05-30 16:07:34 -0400},
	File = {{Energy Policy 2011 Jacobson.pdf:/Users/matt/Library/Application Support/Papers2/Articles/2011/Jacobson/Energy Policy 2011 Jacobson.pdf:application/pdf}},
	Journal = {Energy Policy},
	Local-Url = {file://localhost/Users/matt/Library/Application%20Support/Papers2/Articles/2011/Jacobson/Energy%20Policy%202011%20Jacobson.pdf},
	Month = mar,
	Number = {3},
	Pages = {1154--1169},
	Publisher = {Elsevier},
	Rating = {1},
	Read = {Yes},
	Title = {{Providing all global energy with wind, water, and solar power, Part I Technologies, energy resources, quantities and areas of infrastructure, and materials}},
	Uri = {\url{papers2://publication/doi/10.1016/j.enpol.2010.11.040}},
	Volume = {39},
	Year = {2011}}

@article{Delucchi:2011gb,
	Abstract = {Energy Policy, 39 + (2011) 1170-1190. doi:10.1016/j.enpol.2010.11.045},
	Author = {Delucchi, Mark A and Jacobson, Mark Z},
	Date-Added = {2019-05-30 16:07:34 -0400},
	Date-Modified = {2019-05-30 16:07:34 -0400},
	File = {{Energy Policy 2011 Delucchi.pdf:/Users/matt/Library/Application Support/Papers2/Articles/2011/Delucchi/Energy Policy 2011 Delucchi.pdf:application/pdf}},
	Journal = {Energy Policy},
	Local-Url = {file://localhost/Users/matt/Library/Application%20Support/Papers2/Articles/2011/Delucchi/Energy%20Policy%202011%20Delucchi.pdf},
	Month = mar,
	Number = {3},
	Pages = {1170--1190},
	Publisher = {Elsevier},
	Rating = {0},
	Title = {{Providing all global energy with wind, water, and solar power, Part II Reliability, system and transmission costs, and policies}},
	Uri = {\url{papers2://publication/doi/10.1016/j.enpol.2010.11.045}},
	Volume = {39},
	Year = {2011}}

@misc{IPCC:2018aa,
	Author = {IPCC},
	Date-Added = {2019-05-30 15:16:42 -0400},
	Date-Modified = {2019-05-30 15:17:48 -0400},
	Howpublished = {V. Masson-Delmotte and P. Zhai and H.-O. P{\"o}rtner and D. Roberts and J. Skea and P.R. Shukla and A. Pirani and W. Moufouma-Okia and C. P{\'e}an and R. Pidcock and S. Connors and J.B.R. Matthews and Y. Chen and X. Zhou and M.I. Gomis and E. Lonnoy and T. Maycock and M. Tignor and T. Waterfield (eds.). \url{https://www.ipcc.ch/sr15/}},
	Month = {October},
	Title = {Summary for Policymakers in {G}lobal Warming of 1.5$\,^{\circ}${C}. {A}n {IPCC} Special Report on the impacts of global warming of 1.5$\,^{\circ}${C} above pre-industrial levels and related global greenhouse gas emission pathways, in the context of strengthening the global response to the threat of climate change, sustainable development, and efforts to eradicate poverty},
	Year = {2018}}

@misc{Lawrence-Livermore-National-Laboratory:2019aa,
	Author = {{Lawrence Livermore National Laboratory}},
	Date-Added = {2019-05-30 14:11:01 -0400},
	Date-Modified = {2019-05-30 14:12:35 -0400},
	Howpublished = {\url{https://flowcharts.llnl.gov/commodities/energy} accessed 30 May 2019},
	Title = {Energy Flow Charts, 2018: United States},
	Year = {2019}}

@book{Warners:2019aa,
	Address = {Grand Rapids, Michigan},
	Author = {David Paul Warners and Matthew Kuperus Heun},
	Date-Added = {2019-05-29 20:04:00 -0400},
	Date-Modified = {2019-05-29 20:04:00 -0400},
	Publisher = {Calvin College Press},
	Title = {Beyond Stewardship: New approaches to creation care (forthcoming)},
	Year = {2019}}

@book{Heun:2015aa,
	Address = {New York},
	Author = {Matthew Kuperus Heun and Michael Carbajales-Dale and Becky Roselius Haney},
	Date-Added = {2019-05-29 20:02:19 -0400},
	Date-Modified = {2019-05-29 20:06:23 -0400},
	Journal = {Lecture Notes in Energy},
	Publisher = {Springer International Publishing},
	Series = {Lecture Notes in Energy},
	Title = {{Beyond GDP: National Accounting in the Age of Resource Depletion}},
	Url = {http://dx.doi.org/10.1007/978-3-319-12820-7},
	Volume = {26},
	Year = {2015},
	Bdsk-Url-1 = {http://dx.doi.org/10.1007/978-3-319-12820-7}}

@misc{ASN-Bank:2014aa,
	Author = {{ASN Bank} and Ecofys},
	Date-Added = {2019-05-29 14:07:12 -0400},
	Date-Modified = {2019-05-29 14:17:22 -0400},
	Howpublished = {\url{https://www.asnbank.nl/web/file?uuid=9a2d8d08-5282-4380-a56a-e10940348eb5&owner=6916ad14-918d-4ea8-80ac-f71f0ff1928e&contentid=1267} accessed 29 May 2019},
	Title = {World {GHG} Emissions Flow Chart (2012)},
	Year = {2014}}

@article{Fouquet:2010tq,
	Author = {Roger Fouquet},
	Date-Added = {2019-05-29 13:05:01 -0400},
	Date-Modified = {2019-05-29 13:05:01 -0400},
	Doi = {10.1016/j.enpol.2010.06.029},
	Issn = {0301-4215},
	Journal = {Energy Policy},
	Month = {Nov},
	Number = {11},
	Pages = {6586-6596},
	Publisher = {Elsevier BV},
	Rating = {0},
	Read = {Yes},
	Title = {The slow search for solutions: Lessons from historical energy transitions by sector and service},
	Volume = {38},
	Year = {2010},
	Bdsk-Url-1 = {https://doi.org/10.1016/j.enpol.2010.06.029}}

@misc{International-Energy-Agency:aa,
	Author = {{International Energy Agency}},
	Date-Added = {2019-05-29 11:47:14 -0400},
	Date-Modified = {2019-05-29 14:18:34 -0400},
	Howpublished = {\url{https://www.iea.org/Sankey/} accessed 29 May 2019},
	Title = {World Energy Balances},
	Year = {2019}}

@article{WenWangetal2005,
	Author = {W. Wang and Y. Lu and J. S. Fu and Y. Z. Xiong},
	Date-Added = {2019-05-23 13:11:33 -0400},
	Date-Modified = {2019-05-23 13:17:20 -0400},
	Journal = {IEEE Trans. Magn.},
	Number = {5},
	Pages = {1800-1803},
	Title = {Particle swarm optimization and finite-element based approach for microwave filter design},
	Volume = {41},
	Year = {2005}}

@book{weber-97,
	Author = {H.J. Weber},
	Date-Added = {2019-05-23 13:10:37 -0400},
	Date-Modified = {2019-05-23 13:17:06 -0400},
	Publisher = {G\"unter Narr},
	Title = {Dependenzgrammatik.\ Ein interaktives Arbeitsbuch},
	Year = {1997}}

@book{tesniere59,
	Author = {Lucien Tesni{\`e}re},
	Date-Added = {2019-05-23 13:09:48 -0400},
	Date-Modified = {2019-05-23 13:16:58 -0400},
	Publisher = {Editions Klincksieck},
	Title = {\'El\'ements de syntaxe structurale},
	Year = {1959}}

@book{tarvainen82,
	Author = {Kalevi Tarvainen},
	Date-Added = {2019-05-23 13:08:51 -0400},
	Date-Modified = {2019-05-23 13:16:47 -0400},
	Publisher = {Niemeyer},
	Title = {Einf\"{u}hrung in die {D}ependenzgrammatik},
	Year = {1982}}

@book{SHP:1986,
	Author = {Petr Sgall and Eva Haji\v{c}ov\'{a} and Jarmila Panevov\'{a}},
	Date-Added = {2019-05-23 13:07:30 -0400},
	Date-Modified = {2019-05-23 13:16:39 -0400},
	Publisher = {Reidel},
	Title = {The Meaning of the Sentence in Its Pragmatic Aspects},
	Year = {1986}}

@article{Wen-ChungLiu2005,
	Author = {Wen-Chung Liu},
	Date-Added = {2019-05-23 13:06:31 -0400},
	Date-Modified = {2019-05-23 13:16:18 -0400},
	Journal = {IEEE Trans. Antennas Propagat.},
	Number = {10},
	Pages = {3273-3279},
	Title = {A design of a multiband CPW-fed monopole antenna using a particle swarm optimization approach},
	Volume = {53},
	Year = {2005}}

@book{Levin2002,
	Address = {Cambridge, UK},
	Author = {F. S. Levin},
	Date-Added = {2019-05-23 13:05:28 -0400},
	Date-Modified = {2019-05-23 13:15:48 -0400},
	Publisher = {Cambridge University Press},
	Title = {An Introduction to Quantum Theory},
	Year = {2002}}

@book{KD:2004,
	Author = {Helmut Kopka and Patrick W. Daly},
	Date-Added = {2019-05-23 13:04:09 -0400},
	Date-Modified = {2019-05-23 13:15:40 -0400},
	Edition = {4},
	Publisher = {Addison Wesley},
	Title = {Guide to \LaTeX},
	Year = {2004}}

@article{Hoetal2005,
	Author = {S. Ho and S. Yang and G. Ni and E. W. C. Lo and H. C. Wong},
	Date-Added = {2019-05-23 13:03:17 -0400},
	Date-Modified = {2019-05-23 13:15:19 -0400},
	Journal = {IEEE Trans. Magn.},
	Number = {5},
	Pages = {1756-1759},
	Title = {A particle swarm optimization-based method for multiobjective design optimizations},
	Volume = {41},
	Year = {2005}}

@article{carroll98,
	Author = {John Carroll and Edward Briscoe and Antonio Sanfilippo},
	Date-Added = {2019-05-23 13:02:02 -0400},
	Date-Modified = {2019-05-23 13:14:40 -0400},
	Journal = {Computational Linguistics},
	Number = {2},
	Pages = {237-267},
	Title = {Supertagging: An approach to almost parsing},
	Volume = {25},
	Year = {1998}}

@article{Boeringer,
	Author = {D. Boeringer and D. Werner},
	Date-Added = {2019-05-23 12:55:30 -0400},
	Date-Modified = {2019-05-23 13:12:53 -0400},
	Journal = {IEEE Trans. Antennas Propagat.},
	Number = {3},
	Pages = {771-779},
	Title = {Particle swarm optimization versus genetic algorithms for phased array synthesis},
	Volume = {52},
	Year = {2004}}
